@article{htcondor,
  title={Distributed computing in practice: the Condor experience},
  author={Thain, Douglas and Tannenbaum, Todd and Livny, Miron},
  journal={Concurrency and computation: practice and experience},
  volume={17},
  number={2-4},
  pages={323--356},
  year={2005},
  publisher={Wiley Online Library}
}

@inproceedings{airavata,
  title={Apache airavata: a framework for distributed applications and computational workflows},
  author={Marru, Suresh and Gunathilake, Lahiru and Herath, Chathura and Tangchaisin, Patanachai and Pierce, Marlon and Mattmann, Chris and Singh, Raminder and Gunarathne, Thilina and Chinthaka, Eran and Gardler, Ross and others},
  booktitle={Proceedings of the 2011 ACM workshop on Gateway computing environments},
  pages={21--28},
  year={2011},
  organization={ACM}
}

@article{rabbitmq,
  title={Introduction to RabbitMQ},
  author={Richardson, Alexis and others},
  journal={Google UK, available at http://www. rabbitmq. com/resources/google-tech-talk-final/alexis-google-rabbitmq-talk. pdf, retrieved on Mar},
  volume={30},
  pages={33},
  year={2012}
}

@article{gatewaySurvey2015,
  title={Science gateways today and tomorrow: positive perspectives of nearly 5000 members of the research community},
  author={Lawrence, Katherine A and Zentner, Michael and Wilkins-Diehr, Nancy and Wernert, Julie A and Pierce, Marlon and Marru, Suresh and Michael, Scott},
  journal={Concurrency and Computation: Practice and Experience},
  volume={27},
  number={16},
  pages={4252--4268},
  year={2015},
  publisher={Wiley Online Library}
}

@INPROCEEDINGS{airavataSecurity2016, 
author={S. Nakandala and H. Gunasinghe and S. Marru and M. Pierce}, 
booktitle={2016 IEEE 12th International Conference on e-Science (e-Science)}, 
title={Apache Airavata security manager: Authentication and authorization implementations for a multi-tenant escience framework}, 
year={2016}, 
pages={287-292}, 
keywords={Authentication;Authorization;Logic gates;Organizations;Servers;Standards;distributed systems security;identity management;science gateways}, 
doi={10.1109/eScience.2016.7870911}, 
month={Oct},}

@article{welch2007aaaa,
  title={A AAAA model to support science gateways with community accounts},
  author={Welch, Von and Barlow, Jim and Basney, James and Marcusiu, Doru and Wilkins-Diehr, Nancy},
  journal={Concurrency and Computation: Practice and Experience},
  volume={19},
  number={6},
  pages={893--904},
  year={2007},
  publisher={Wiley Online Library}
}

@article{seagridCommunity2016,
  title={Community science exemplars in seagrid science gateway: Apache airavata based implementation of advanced infrastructure},
  author={Pamidighantam, Sudhakar and Nakandala, Supun and Abeysinghe, Eroma and Wimalasena, Chathuri and Yodage, Shameera Rathnayaka and Marru, Suresh and Pierce, Marlon},
  journal={Procedia Computer Science},
  volume={80},
  pages={1927--1939},
  year={2016},
  publisher={Elsevier}
}

@inproceedings{cipres2010,
  title={Creating the CIPRES Science Gateway for inference of large phylogenetic trees},
  author={Miller, Mark A and Pfeiffer, Wayne and Schwartz, Terri},
  booktitle={Gateway Computing Environments Workshop (GCE), 2010},
  pages={1--8},
  year={2010},
  organization={Ieee}
}

@inproceedings{nsg2013,
  title={Introducing the Neuroscience Gateway.},
  author={Sivagnanam, Subhashini and Majumdar, Amit and Yoshimoto, Kenneth and Astakhov, Vadim and Bandrowski, Anita and Martone, Maryann E and Carnevale, Nicholas T},
  booktitle={IWSG},
  year={2013}
}

@inproceedings{ultrascanAiravata2014,
  title={The apache airavata application programming interface: overview and evaluation with the UltraScan science gateway},
  author={Pierce, Marlon and Marru, Suresh and Demeler, Borries and Singh, Raminderjeet and Gorbet, Gary},
  booktitle={Proceedings of the 9th Gateway Computing Environments Workshop},
  pages={25--29},
  year={2014},
  organization={IEEE Press}
}

@misc{grouperWebsite,
title={Internet2 Grouper}, 
url={http://www.internet2.edu/products-services/trust-identity/grouper/}, 
journal={Grouper | Internet2}}
